@inproceedings{exec-leases,
 author = {Tiwari, Mohit and Li, Xun and Wassel, Hassan M. G. and Chong, Frederic T. and Sherwood, Timothy},
 title = {Execution Leases: A Hardware-supported Mechanism for Enforcing Strong Non-interference},
 booktitle = {Proceedings of the 42Nd Annual IEEE/ACM International Symposium on Microarchitecture},
 series = {MICRO 42},
 year = {2009},
 isbn = {978-1-60558-798-1},
 location = {New York, New York},
 pages = {493--504},
 numpages = {12},
 url = {http://doi.acm.org/10.1145/1669112.1669174},
 doi = {10.1145/1669112.1669174},
 acmid = {1669174},
 publisher = {ACM},
 address = {New York, NY, USA},
 keywords = {covert channels, gate level information flow tracking, high assurance systems, timing channels},
} 

@book{chlipala2011certified,
  title={Certified programming with dependent types},
  author={Chlipala, Adam},
  volume={20},
  number={11},
  year={2011},
  publisher={MIT Press}
}

@inproceedings{Chlipala:2007:CTC:1250734.1250742,
 author = {Chlipala, Adam},
 title = {A Certified Type-preserving Compiler from Lambda Calculus to Assembly Language},
 booktitle = {Proceedings of the 2007 ACM SIGPLAN Conference on Programming Language Design and Implementation},
 series = {PLDI '07},
 year = {2007},
 isbn = {978-1-59593-633-2},
 location = {San Diego, California, USA},
 pages = {54--65},
 numpages = {12},
 url = {http://doi.acm.org/10.1145/1250734.1250742},
 doi = {10.1145/1250734.1250742},
 acmid = {1250742},
 publisher = {ACM},
 address = {New York, NY, USA},
 keywords = {compiler verification, denotational semantics, dependent types, interactive proof assistants},
}

@article{Chlipala:2007:CTC:1273442.1250742,
 author = {Chlipala, Adam},
 title = {A Certified Type-preserving Compiler from Lambda Calculus to Assembly Language},
 journal = {SIGPLAN Not.},
 issue_date = {June 2007},
 volume = {42},
 number = {6},
 month = jun,
 year = {2007},
 issn = {0362-1340},
 pages = {54--65},
 numpages = {12},
 url = {http://doi.acm.org/10.1145/1273442.1250742},
 doi = {10.1145/1273442.1250742},
 acmid = {1250742},
 publisher = {ACM},
 address = {New York, NY, USA},
 keywords = {compiler verification, denotational semantics, dependent types, interactive proof assistants},
} 

@incollection{
year={2010},
isbn={978-1-4419-1538-2},
booktitle={Design and Verification of Microprocessor Systems for High-Assurance Applications},
editor={Hardin, David S.},
doi={10.1007/978-1-4419-1539-9_4},
title={Designing Tunable, Verifiable Cryptographic Hardware Using Cryptol},
url={http://dx.doi.org/10.1007/978-1-4419-1539-9_4},
publisher={Springer US},
author={Browning, Sally and Weaver, Philip},
pages={89-143},
language={English}
}

@article{fesi,
  author    = {Thomas Braibant and
               Adam Chlipala},
  title     = {Formal Verification of Hardware Synthesis},
  journal   = {CoRR},
  volume    = {abs/1301.4779},
  year      = {2013},
  ee        = {http://arxiv.org/abs/1301.4779},
  bibsource = {DBLP, http://dblp.uni-trier.de}
}

@inproceedings{lee05,
 author = {Lee, Ruby B. and Kwan, Peter C.  S. and McGregor, John P. and Dwoskin, Jeffrey and Wang, Zhenghong},
 title = {Architecture for Protecting Critical Secrets in Microprocessors},
 booktitle = {Proceedings of the 32Nd Annual International Symposium on Computer Architecture},
 series = {ISCA '05},
 year = {2005},
 isbn = {0-7695-2270-X},
 pages = {2--13},
 numpages = {12},
 url = {http://dx.doi.org/10.1109/ISCA.2005.14},
 doi = {10.1109/ISCA.2005.14},
 acmid = {1069971},
 publisher = {IEEE Computer Society},
 address = {Washington, DC, USA},
} 

@MISC{Brady_constructingcorrect,
    author = {Edwin Brady and James Mckinna and Kevin Hammond},
    title = {Constructing Correct Circuits: Verification of Functional Aspects of Hardware Specifications with Dependent Types},
    year = {}
}

@inproceedings{languagebased,
 author = {Zhang, Danfeng and Askarov, Aslan and Myers, Andrew C.},
 title = {Language-based Control and Mitigation of Timing Channels},
 booktitle = {Proceedings of the 33rd ACM SIGPLAN Conference on Programming Language Design and Implementation},
 series = {PLDI '12},
 year = {2012},
 isbn = {978-1-4503-1205-9},
 location = {Beijing, China},
 pages = {99--110},
 numpages = {12},
 url = {http://doi.acm.org/10.1145/2254064.2254078},
 doi = {10.1145/2254064.2254078},
 acmid = {2254078},
 publisher = {ACM},
 address = {New York, NY, USA},
 keywords = {information flow, mitigation, timing channels},
}

@inproceedings{blackboxed,
 author = {Askarov, Aslan and Zhang, Danfeng and Myers, Andrew C.},
 title = {Predictive Black-box Mitigation of Timing Channels},
 booktitle = {Proceedings of the 17th ACM Conference on Computer and Communications Security},
 series = {CCS '10},
 year = {2010},
 isbn = {978-1-4503-0245-6},
 location = {Chicago, Illinois, USA},
 pages = {297--307},
 numpages = {11},
 url = {http://doi.acm.org/10.1145/1866307.1866341},
 doi = {10.1145/1866307.1866341},
 acmid = {1866341},
 publisher = {ACM},
 address = {New York, NY, USA},
 keywords = {information flow, mitigation, timing channels},
}

@inproceedings{Li:2011:CHD:1993498.1993512,
 author = {Li, Xun and Tiwari, Mohit and Oberg, Jason K. and Kashyap, Vineeth and Chong, Frederic T. and Sherwood, Timothy and Hardekopf, Ben},
 title = {Caisson: A Hardware Description Language for Secure Information Flow},
 booktitle = {Proceedings of the 32Nd ACM SIGPLAN Conference on Programming Language Design and Implementation},
 series = {PLDI '11},
 year = {2011},
 isbn = {978-1-4503-0663-8},
 location = {San Jose, California, USA},
 pages = {109--120},
 numpages = {12},
 url = {http://doi.acm.org/10.1145/1993498.1993512},
 doi = {10.1145/1993498.1993512},
 acmid = {1993512},
 publisher = {ACM},
 address = {New York, NY, USA},
 keywords = {hardware description language, non-interference, state machine},
} 
